<record><leader>00000cas a22000007a 4500</leader><controlfield tag="001">29712068</controlfield><controlfield tag="008">940131d18881906nmuwr ne      0   a0eng d</controlfield><datafield ind1=" " ind2=" " tag="010"><subfield code="a">sn 94056928 </subfield></datafield><datafield ind1=" " ind2=" " tag="040"><subfield code="a">NVM</subfield><subfield code="b">eng</subfield><subfield code="c">NVM</subfield><subfield code="d">OCLCQ</subfield><subfield code="d">OCLCF</subfield><subfield code="d">DLC</subfield><subfield code="d">OCLCQ</subfield></datafield><datafield ind1="0" ind2=" " tag="022"><subfield code="a">2375-1746</subfield><subfield code="2">1</subfield></datafield><datafield ind1="0" ind2=" " tag="041"><subfield code="a">eng</subfield><subfield code="a">spa</subfield></datafield><datafield ind1=" " ind2=" " tag="042"><subfield code="a">msc</subfield><subfield code="a">nsdp</subfield></datafield><datafield ind1=" " ind2=" " tag="043"><subfield code="a">n-us-nm</subfield></datafield><datafield ind1="0" ind2="0" tag="050"><subfield code="a">Newspaper</subfield></datafield><datafield ind1="0" ind2="0" tag="082"><subfield code="a">071</subfield><subfield code="2">23</subfield></datafield><datafield ind1="0" ind2=" " tag="130"><subfield code="a">Clayton enterprise (Clayton, N.M.)</subfield></datafield><datafield ind1=" " ind2="0" tag="222"><subfield code="a">Clayton enterprise</subfield><subfield code="b">(Clayton, N.M. Print)</subfield></datafield><datafield ind1="1" ind2="0" tag="245"><subfield code="a">Clayton enterprise.</subfield></datafield><datafield ind1=" " ind2=" " tag="260"><subfield code="a">Clayton, Union County, N.M. :</subfield><subfield code="b">J.E. Curren</subfield></datafield><datafield ind1=" " ind2=" " tag="300"><subfield code="a">volumes</subfield></datafield><datafield ind1=" " ind2=" " tag="310"><subfield code="a">Weekly</subfield></datafield><datafield ind1=" " ind2=" " tag="336"><subfield code="a">text</subfield><subfield code="b">txt</subfield><subfield code="2">rdacontent</subfield></datafield><datafield ind1=" " ind2=" " tag="337"><subfield code="a">unmediated</subfield><subfield code="b">n</subfield><subfield code="2">rdamedia</subfield></datafield><datafield ind1=" " ind2=" " tag="338"><subfield code="a">volume</subfield><subfield code="b">nc</subfield><subfield code="2">rdacarrier</subfield></datafield><datafield ind1="0" ind2=" " tag="362"><subfield code="a">Vol. 1, no. 1 (May 18, 1888)- ; -v. 2, no. 29 (Sept. 14, 1906).</subfield></datafield><datafield ind1=" " ind2=" " tag="500"><subfield code="a">Volume numbering changed in (1904?) when a new publisher took over.</subfield></datafield><datafield ind1=" " ind2=" " tag="530"><subfield code="a">Archived issues are available in digital format from the Library of Congress Chronicling America online collection.</subfield></datafield><datafield ind1=" " ind2=" " tag="546"><subfield code="a">In English and Spanish.</subfield></datafield><datafield ind1=" " ind2=" " tag="580"><subfield code="a">Aug. 24-Sept. 14, 1906 banner reads "We have been enjoined from using our former name 'The Clayton Enterprise' until after September 10." The title was changed to Clayton Citizen with Sept. 21, 1906.</subfield></datafield><datafield ind1=" " ind2="0" tag="651"><subfield code="a">Clayton (N.M.)</subfield><subfield code="v">Newspapers.</subfield></datafield><datafield ind1=" " ind2="0" tag="651"><subfield code="a">Union County (N.M.)</subfield><subfield code="v">Newspapers.</subfield></datafield><datafield ind1=" " ind2="7" tag="651"><subfield code="a">New Mexico</subfield><subfield code="z">Clayton.</subfield><subfield code="2">fast</subfield><subfield code="0">(OCoLC)fst01217314</subfield></datafield><datafield ind1=" " ind2="7" tag="651"><subfield code="a">New Mexico</subfield><subfield code="z">Union County.</subfield><subfield code="2">fast</subfield><subfield code="0">(OCoLC)fst01219600</subfield></datafield><datafield ind1=" " ind2="7" tag="655"><subfield code="a">Newspapers.</subfield><subfield code="2">fast</subfield><subfield code="0">(OCoLC)fst01423814</subfield></datafield><datafield ind1=" " ind2=" " tag="752"><subfield code="a">United States</subfield><subfield code="b">New Mexico</subfield><subfield code="c">Union</subfield><subfield code="d">Clayton.</subfield></datafield><datafield ind1="0" ind2="8" tag="776"><subfield code="i">Online version:</subfield><subfield code="t">Clayton enterprise (Clayton, N.M. : Online)</subfield><subfield code="x">2375-1754</subfield><subfield code="w">(DLC)  2014218610</subfield><subfield code="w">(OCoLC)891718453</subfield></datafield><datafield ind1="0" ind2="0" tag="785"><subfield code="t">Clayton citizen</subfield><subfield code="x">2375-0049</subfield><subfield code="w">(DLC)sn 93061569</subfield><subfield code="w">(OCoLC)27194605</subfield></datafield><datafield ind1="4" ind2="1" tag="856"><subfield code="u">http://www.loc.gov/chroniclingamerica/lccn/sn94056928/issues</subfield></datafield><datafield ind1="1" ind2=" " tag="029"><subfield code="a">AU@</subfield><subfield code="b">000025898764</subfield></datafield></record>